<record><leader>00000cas a22000007a 4500</leader><controlfield tag="001">1566036</controlfield><controlfield tag="008">750824d19051947mnuwr ne      0    0eng d</controlfield><datafield ind1=" " ind2=" " tag="010"><subfield code="a">sn 89064371 </subfield></datafield><datafield ind1=" " ind2=" " tag="040"><subfield code="a">MUL</subfield><subfield code="b">eng</subfield><subfield code="c">MUL</subfield><subfield code="d">OCL</subfield><subfield code="d">MN#</subfield><subfield code="d">OCLCQ</subfield><subfield code="d">OCLCF</subfield><subfield code="d">OCLCO</subfield></datafield><datafield ind1=" " ind2=" " tag="042"><subfield code="a">msc</subfield></datafield><datafield ind1=" " ind2=" " tag="043"><subfield code="a">n-us-mn</subfield></datafield><datafield ind1=" " ind2=" " tag="052"><subfield code="a">4144</subfield><subfield code="b">D35</subfield></datafield><datafield ind1=" " ind2=" " tag="052"><subfield code="a">4143</subfield><subfield code="b">O6</subfield></datafield><datafield ind1="0" ind2="0" tag="245"><subfield code="a">Deer Creek mirror.</subfield></datafield><datafield ind1=" " ind2=" " tag="260"><subfield code="a">Deer Creek, Otter Tail County, Minn. :</subfield><subfield code="b">R.L. Bradford,</subfield><subfield code="c">-1947.</subfield></datafield><datafield ind1=" " ind2=" " tag="300"><subfield code="a">v.</subfield></datafield><datafield ind1=" " ind2=" " tag="310"><subfield code="a">Weekly</subfield></datafield><datafield ind1="1" ind2=" " tag="362"><subfield code="a">Began in 1905.</subfield></datafield><datafield ind1="0" ind2=" " tag="362"><subfield code="a">-v. 39, no. 46 [i.e. 47] (Sept. 4, 1947).</subfield></datafield><datafield ind1=" " ind2=" " tag="515"><subfield code="a">Suspended Oct. 29, 1942-(June 22, 1944), due to wartime labor shortage. Suspended July 27, 1944-Dec. 6, 1945, due to paper shortage.</subfield></datafield><datafield ind1=" " ind2=" " tag="530"><subfield code="a">Available on microfilm from the Minnesota Historical Society.</subfield></datafield><datafield ind1=" " ind2=" " tag="588"><subfield code="a">Description based on: Vol. 37, no. 37 (May 21st, 1942).</subfield></datafield><datafield ind1=" " ind2="0" tag="651"><subfield code="a">Deer Creek (Minn.)</subfield><subfield code="v">Newspapers.</subfield></datafield><datafield ind1=" " ind2="7" tag="655"><subfield code="a">Newspapers.</subfield><subfield code="2">fast</subfield><subfield code="0">(OCoLC)fst01423814</subfield></datafield><datafield ind1=" " ind2="7" tag="651"><subfield code="a">Minnesota</subfield><subfield code="z">Deer Creek.</subfield><subfield code="2">fast</subfield><subfield code="0">(OCoLC)fst01238796</subfield></datafield><datafield ind1=" " ind2=" " tag="752"><subfield code="a">United States</subfield><subfield code="b">Minnesota</subfield><subfield code="c">Otter Tail</subfield><subfield code="d">Deer Creek.</subfield></datafield><datafield ind1="0" ind2="4" tag="785"><subfield code="t">Perham tribune</subfield><subfield code="w">(DLC)sn 89064356</subfield></datafield></record>